@misc{twain_eggs_1894,
  Author = {Mark Twain},
  Title = {Pudd'nhead Wilson},
  howpublished = {\url{http://www.answers.com/topic/put-all-one-s-eggs-in-one-basket}},
  year = {1894},
  timestamp = {16.12.2010}
}

@article{NIST_SP800-63-1,
  author = {William Burr and Donna Dodson and Timothy Polk},
  publisher = {National Institute of Standards and Technology},
  title = {Electronic Authentication Guideline},
  year = {2011},
  timestamp = {19.1.2012},
  journal = {Recommendations of the National Institute of Standards and Technology},
  howpublished = {\url{http://docs.govinfosecurity.com/files/external/NIST-Special-Publication-800-63-1-E-Authentication-Guidelines.pdf}}
}

@misc{google_openid_dev_docs,
  Author = {Google},
  Title = {Federated Login for Google Account Users},
  howpublished = {\url{http://code.google.com/apis/accounts/docs/OpenID.html}},
  year = {2012},
  month = {January},
  timestamp = {23.1.2012}
}

@misc{ietf_oauth2,
  Author = {IETF},
  Title = {The OAuth 2.0 Authorization Protocol (draft 22)},
  howpublished = {\url{http://tools.ietf.org/html/draft-ietf-oauth-v2-22}},
  year = {2012},
  month = {January},
  timestamp = {23.1.2012}
}

@misc{usnavy_authentication,
  Author = {Navy US.},
  Title = {Aircraft Communications Guidelines},
  howpublished = {\url{http://www.flickr.com/photos/29158681@N00/4429376362/in/set-72157623610931794}},
  year = {1944},
  month = {January},
  timestamp = {23.1.2012}
}

@inproceedings{why_phishing_works_06,
 author = {Dhamija, Rachna and Tygar, J. D. and Hearst, Marti},
 title = {Why phishing works},
 booktitle = {Proceedings of the SIGCHI conference on Human Factors in computing systems},
 series = {CHI '06},
 year = {2006},
 isbn = {1-59593-372-7},
 location = {Montr\&\#233;al, Qu\&\#233;bec, Canada},
 pages = {581--590},
 numpages = {10},
 url = {http://doi.acm.org/10.1145/1124772.1124861},
 doi = {http://doi.acm.org/10.1145/1124772.1124861},
 acmid = {1124861},
 publisher = {ACM},
 address = {New York, NY, USA},
 keywords = {phishing, phishing user study, security usability, why phishing works},
}

@inproceedings{openid_recordon_2009,
 author = {Recordon, David and Reed, Drummond},
 title = {OpenID 2.0: a platform for user-centric identity management},
 booktitle = {Proceedings of the second ACM workshop on Digital identity management},
 series = {DIM '06},
 year = {2006},
 isbn = {1-59593-547-9},
 location = {Alexandria, Virginia, USA},
 pages = {11--16},
 numpages = {6},
 url = {http://doi.acm.org/10.1145/1179529.1179532},
 doi = {http://doi.acm.org/10.1145/1179529.1179532},
 acmid = {1179532},
 publisher = {ACM},
 address = {New York, NY, USA},
 keywords = {authentication, authorization, identity, open source, open standard, user-centric},
}
