@inproceedings{why_phishing_works_06,
 author = {Dhamija, Rachna and Tygar, J. D. and Hearst, Marti},
 title = {Why phishing works},
 booktitle = {Proceedings of the SIGCHI conference on Human Factors in computing systems},
 series = {CHI '06},
 year = {2006},
 isbn = {1-59593-372-7},
 location = {Montr\&\#233;al, Qu\&\#233;bec, Canada},
 pages = {581--590},
 numpages = {10},
 url = {http://doi.acm.org/10.1145/1124772.1124861},
 doi = {http://doi.acm.org/10.1145/1124772.1124861},
 acmid = {1124861},
 publisher = {ACM},
 address = {New York, NY, USA},
 keywords = {phishing, phishing user study, security usability, why phishing works},
}

@inproceedings{phishing_attacks_and_solutions_2007,
 author = {Badra, Mohamad and El-Sawda, Samer and Hajjeh, Ibrahim},
 title = {Phishing attacks and solutions},
 booktitle = {Proceedings of the 3rd international conference on Mobile multimedia communications},
 series = {MobiMedia '07},
 year = {2007},
 isbn = {978-963-06-2670-5},
 location = {Nafpaktos, Greece},
 pages = {42:1--42:6},
 articleno = {42},
 numpages = {6},
 url = {http://portal.acm.org/citation.cfm?id=1385289.1385340},
 acmid = {1385340},
 publisher = {ICST (Institute for Computer Sciences, Social-Informatics and Telecommunications Engineering)},
 address = {ICST, Brussels, Belgium, Belgium},
 keywords = {Diffie-Hellman, RSA, SRP, TLS, phishing, public key infrastructures},
}

@inproceedings{suspectibility_to_phishing_2006,
 author = {Downs, Julie S. and Holbrook, Mandy B. and Cranor, Lorrie Faith},
 title = {Decision strategies and susceptibility to phishing},
 booktitle = {Proceedings of the second symposium on Usable privacy and security},
 series = {SOUPS '06},
 year = {2006},
 isbn = {1-59593-448-0},
 location = {Pittsburgh, Pennsylvania},
 pages = {79--90},
 numpages = {12},
 url = {http://doi.acm.org/10.1145/1143120.1143131},
 doi = {http://doi.acm.org/10.1145/1143120.1143131},
 acmid = {1143131},
 publisher = {ACM},
 address = {New York, NY, USA},
 keywords = {mental models, phishing, qualitative methods},
}

@inproceedings{visual_similarity_phishing_2008,
 author = {Medvet, Eric and Kirda, Engin and Kruegel, Christopher},
 title = {Visual-similarity-based phishing detection},
 booktitle = {Proceedings of the 4th international conference on Security and privacy in communication netowrks},
 series = {SecureComm '08},
 year = {2008},
 isbn = {978-1-60558-241-2},
 location = {Istanbul, Turkey},
 pages = {22:1--22:6},
 articleno = {22},
 numpages = {6},
 url = {http://doi.acm.org/10.1145/1460877.1460905},
 doi = {http://doi.acm.org/10.1145/1460877.1460905},
 acmid = {1460905},
 publisher = {ACM},
 address = {New York, NY, USA},
 keywords = {anti-phishing, security, visual similarity, web document analysis},
}

@article{lampson_distributed_1992,
 author = {Lampson, Butler and Abadi, Mart\'{\i}n and Burrows, Michael and Wobber, Edward},
 title = {Authentication in distributed systems: theory and practice},
 journal = {ACM Trans. Comput. Syst.},
 volume = {10},
 issue = {4},
 month = {November},
 year = {1992},
 issn = {0734-2071},
 pages = {265--310},
 numpages = {46},
 url = {http://doi.acm.org/10.1145/138873.138874},
 doi = {http://doi.acm.org/10.1145/138873.138874},
 acmid = {138874},
 publisher = {ACM},
 address = {New York, NY, USA},
 keywords = {certification authority, delegation, group, interprocess communication, key distribution, loading programs, path name, principal, role, secure channel, speaks for, trusted computing base},
}

@INPROCEEDINGS{open_identity_management_saas_2009,
author={Wang Bin and Huang He Yuan and Liu Xiao Xi and Xu Jing Min},
booktitle={e-Business Engineering, 2009. ICEBE '09. IEEE International Conference on}, title={Open Identity Management Framework for SaaS Ecosystem},
year={2009},
month={October},
volume={},
number={},
pages={512 -517},
keywords={OAuth broker;SaaS delivery platform;SaaS ecosystem;account provision;identity federation;open identity management framework;open identity protocol;secure backend service;single sign-on service;software-as-a-service;user-centric openID;Web services;protocols;security of data;},
doi={10.1109/ICEBE.2009.82},
ISSN={},}


@inproceedings{openid_2.0_platform_2009,
 author = {Recordon, David and Reed, Drummond},
 title = {OpenID 2.0: a platform for user-centric identity management},
 booktitle = {Proceedings of the second ACM workshop on Digital identity management},
 series = {DIM '06},
 year = {2006},
 isbn = {1-59593-547-9},
 location = {Alexandria, Virginia, USA},
 pages = {11--16},
 numpages = {6},
 url = {http://doi.acm.org/10.1145/1179529.1179532},
 doi = {http://doi.acm.org/10.1145/1179529.1179532},
 acmid = {1179532},
 publisher = {ACM},
 address = {New York, NY, USA},
 keywords = {authentication, authorization, identity, open source, open standard, user-centric},
}

@article{schneier_2factor_2005,
 author = {Schneier, Bruce},
 title = {Two-factor authentication: too little, too late},
 journal = {Commun. ACM},
 volume = {48},
 issue = {4},
 month = {April},
 year = {2005},
 issn = {0001-0782},
 pages = {136--},
 url = {http://doi.acm.org/10.1145/1053291.1053327},
 doi = {http://doi.acm.org/10.1145/1053291.1053327},
 acmid = {1053327},
 publisher = {ACM},
 address = {New York, NY, USA},
}

@inproceedings{beamauth_2factor_2007,
 author = {Adida, Ben},
 title = {Beamauth: two-factor web authentication with a bookmark},
 booktitle = {Proceedings of the 14th ACM conference on Computer and communications security},
 series = {CCS '07},
 year = {2007},
 isbn = {978-1-59593-703-2},
 location = {Alexandria, Virginia, USA},
 pages = {48--57},
 numpages = {10},
 url = {http://doi.acm.org/10.1145/1315245.1315253},
 doi = {http://doi.acm.org/10.1145/1315245.1315253},
 acmid = {1315253},
 publisher = {ACM},
 address = {New York, NY, USA},
 keywords = {phishing, two-factor authentication, web security},
}


@misc{wikipedia:Challenge-response_authentication,
  Author = {Wikipedia},
  Title = {Challenge-Response Authentication},
  howpublished = {\url{http://en.wikipedia.org/wiki/Challenge-response_authentication}},
  year = {2010},
  month = {October},
  timestamp = {20.10.2010}
}

@misc{xri_depcrecated_08a,
  Author = {Mary P McRae},
  Title = {Failed OASIS Standard Ballot of XRI Syntax v2.0},
  howpublished = {\url{http://lists.oasis-open.org/archives/xri/200806/msg00001.html}},
  year = {2008},
  month = {June},
  timestamp = {22.11.2010}
}

@misc{xri_depcrecated_08b,
  Author = {OASIS},
  Title = {Organizational voting: Approve XRI Syntax v2.0 as an OASIS Standard},
  howpublished = {\url{http://www.oasis-open.org/committees/ballot.php?id=1470}},
  year = {2008},
  month = {May},
  timestamp = {22.11.2010}
}

@misc{xri_depcrecated_08c,
  Author = {OASIS},
  Title = {Organizational voting: Approve XRI Resolution v2.0 as an OASIS Standard},
  howpublished = {\url{http://www.oasis-open.org/committees/ballot.php?id=1468}},
  year = {2008},
  month = {May},
  timestamp = {22.11.2010}
}

@misc{xri_depcrecated_08d,
  Author = {Berners-Lee, Tim and Williams, Stuart},
  Title = {TAG recommends against XRI},
  howpublished = {\url{http://lists.w3.org/Archives/Public/www-tag/2008May/0078.html}},
  year = {2008},
  month = {May},
  timestamp = {22.11.2010}
}

@misc{nordea_fsecure_2006,
  Author = {F-Secure},
  Title = {Nordea Phishing is Back},
  howpublished = {\url{http://www.f-secure.com/weblog/archives/00000849.html}},
  year = {2006},
  month = {April},
  timestamp = {22.11.2010}
}

@misc{nordea_miller_2006,
  Author = {Mat Bright},
  Title = {Nordea Scam Report},
  howpublished = {\url{http://www.millersmiles.co.uk/report/2464}},
  year = {2006},
  month = {April},
  timestamp = {22.11.2010}
}

@misc{mozilla_security_guide_2010,
  Author = {Mozilla Foundation},
  Title = {Mozilla Security Review and Best Practices Guide},
  howpublished = {\url{http://www.mozilla.org/projects/security/components/reviewguide.html}},
  year = {2002},
  month = {May},
  timestamp = {22.11.2010}
}

@InBook{schneier_secrets_and_lies_2000,
  author = {Schneier, Bruce},
  editor = {Carol Long},
  title = {Secrets \& Lies},
  OPTtitle = {Digital Security in a Networked World},
  publisher = {Robert Ipsen},
  year = {2000},
  pages = {262},
  owner = {repo},
  timestamp = {2006-10-14},
}

@misc{fsecure_webtrojan_2010,
  Author = {F-Secure},
  Title = {Reported Attack Site! - Security Tool's Latest Trick},
  howpublished = {\url{http://www.f-secure.com/weblog/archives/00002051.html}},
  year = {2010},
  month = {October},
  timestamp = {22.11.2010}
}

@article{NIST_SP800-63,
  author = {William Burr and Donna Dodson and Timothy Polk},
  publisher = {National Institute of Standards and Technology},
  title = {Electronic Authentication Guideline},
  year = {2006},
  journal = {Recommendations of the National Institute of Standards and Technology},
  howpublished = {\url{http://csrc.nist.gov/publications/nistpubs/800-63/SP800-63V1_0_2.pdf}}
}


%%%% TEMP TEMP TEMP TEMP

@article{google_2step_2010,
 author = {Schneier, Bruce},
 title = {Two-factor authentication: too little, too late},
  journal = {ACM Trans. Comput. Syst.}
}

@article{yahoo_openid_bestpractices_2010,
 author = {Schneier, Bruce},
 title = {Two-factor authentication: too little, too late},
  journal = {ACM Trans. Comput. Syst.}
}

@article{openid_2.0_specification_07,
 author = {Schneier, Bruce},
 title = {Two-factor authentication: too little, too late},
  journal = {ACM Trans. Comput. Syst.}
}

@article{openid_2.0_pape_07,
 author = {Schneier, Bruce},
 title = {Two-factor authentication: too little, too late},
  journal = {ACM Trans. Comput. Syst.}
}

@article{openid_2.0_pape_phishing_07,
 author = {Schneier, Bruce},
 title = {Two-factor authentication: too little, too late},
  journal = {ACM Trans. Comput. Syst.}
}

